@incollection{fahrmeir2013regression,
  title     = {Regression models},
  author    = {Fahrmeir, Ludwig and Kneib, Thomas and Lang, Stefan and Marx, Brian},
  booktitle = {Regression},
  year      = {2013},
  publisher = {Springer}
}

@book{james2013introduction,
  title     = {An introduction to statistical learning},
  author    = {James, Gareth and Witten, Daniela and Hastie, Trevor and Tibshirani, Robert},
  volume    = {112},
  year      = {2013},
  publisher = {Springer}
}

@misc{Understa39,
  author       = {},
  title        = {Understanding Diagnostic Plots for Linear Regression Analysis | University of Virginia Library Research Data Services + Sciences},
  howpublished = {\url{https://data.library.virginia.edu/diagnostic-plots/}},
  month        = {},
  year         = {},
  note         = {(Accessed on 01/16/2022)}
}
@misc{10Assump62,
  author       = {Prabhakaran, Selva},
  title        = {10 Assumptions of Linear Regression - Full List with Examples and Code},
  howpublished = {\url{http://r-statistics.co/Assumptions-of-Linear-Regression.html}},
  month        = {},
  year         = {},
  note         = {(Accessed on 01/16/2022)}
}
@misc{Exchangeandmart,
  author       = {},
  title        = {Exchange \& Mart: New \& Used Cars for Sale Near You},
  howpublished = {\url{https://www.exchangeandmart.co.uk/}},
  month        = {},
  year         = {},
  note         = {(Accessed on 01/16/2022)}
}
@misc{KaggleCo15:online,
  author       = {},
  title        = {Kaggle Competitions},
  howpublished = {\url{https://www.kaggle.com/c/}},
  month        = {},
  year         = {},
  note         = {(Accessed on 01/16/2022)}
}
